<record><leader>00000cas a2200000 a 4500</leader><controlfield tag="001">9676730</controlfield><controlfield tag="008">830707d18561862nyudn ne      0    0eng c</controlfield><datafield ind1=" " ind2=" " tag="010"><subfield code="a">sn 83030822 </subfield></datafield><datafield ind1=" " ind2=" " tag="040"><subfield code="a">NPU</subfield><subfield code="b">eng</subfield><subfield code="c">NPU</subfield><subfield code="d">NPX</subfield><subfield code="d">NYG</subfield><subfield code="d">NYS</subfield><subfield code="d">OCL</subfield><subfield code="d">NYS</subfield><subfield code="d">NYG</subfield><subfield code="d">NYS</subfield><subfield code="d">KRTAS</subfield><subfield code="d">OCLCQ</subfield><subfield code="d">OCLCF</subfield><subfield code="d">OCLCO</subfield></datafield><datafield ind1="1" ind2=" " tag="029"><subfield code="a">AU@</subfield><subfield code="b">000020226838</subfield></datafield><datafield ind1=" " ind2=" " tag="042"><subfield code="a">pcc</subfield></datafield><datafield ind1=" " ind2=" " tag="043"><subfield code="a">n-us-ny</subfield></datafield><datafield ind1="0" ind2="0" tag="245"><subfield code="a">Albany daily statesman.</subfield></datafield><datafield ind1="1" ind2="3" tag="246"><subfield code="a">Evening statesman</subfield></datafield><datafield ind1=" " ind2=" " tag="260"><subfield code="a">Albany, N.Y. :</subfield><subfield code="b">Munsell &amp; Co.,</subfield><subfield code="c">1856-</subfield></datafield><datafield ind1=" " ind2=" " tag="300"><subfield code="a">v. ;</subfield><subfield code="c">63 cm.</subfield></datafield><datafield ind1=" " ind2=" " tag="310"><subfield code="a">Daily (except Sunday)</subfield></datafield><datafield ind1="0" ind2=" " tag="362"><subfield code="a">Vol. 1, no. 1 (Mar. 24, 1856)-</subfield></datafield><datafield ind1="1" ind2=" " tag="362"><subfield code="a">Ceased in 1862.</subfield></datafield><datafield ind1=" " ind2=" " tag="500"><subfield code="a">Editors: Alexander Mann; C.D. Brigham, &lt;1857&gt;; James B. Swain, &lt;1858-1860&gt;.</subfield></datafield><datafield ind1=" " ind2=" " tag="500"><subfield code="a">"American principles."</subfield></datafield><datafield ind1=" " ind2=" " tag="580"><subfield code="a">Campaign ed.: Campaign statesman (non-extant?).</subfield></datafield><datafield ind1=" " ind2=" " tag="580"><subfield code="a">Weekly ed.: Albany statesman.</subfield></datafield><datafield ind1=" " ind2=" " tag="588"><subfield code="a">Latest issue consulted: Vol. 9, no. 1274 (May 23, 1860).</subfield></datafield><datafield ind1=" " ind2="0" tag="651"><subfield code="a">Albany (N.Y.)</subfield><subfield code="v">Newspapers.</subfield></datafield><datafield ind1=" " ind2="0" tag="651"><subfield code="a">Albany County (N.Y.)</subfield><subfield code="v">Newspapers.</subfield></datafield><datafield ind1=" " ind2="7" tag="655"><subfield code="a">Newspapers.</subfield><subfield code="2">fast</subfield><subfield code="0">(OCoLC)fst01423814</subfield></datafield><datafield ind1=" " ind2="7" tag="651"><subfield code="a">New York (State)</subfield><subfield code="z">Albany.</subfield><subfield code="2">fast</subfield><subfield code="0">(OCoLC)fst01225716</subfield></datafield><datafield ind1=" " ind2="7" tag="651"><subfield code="a">New York (State)</subfield><subfield code="z">Albany County.</subfield><subfield code="2">fast</subfield><subfield code="0">(OCoLC)fst01210357</subfield></datafield><datafield ind1=" " ind2=" " tag="752"><subfield code="a">United States</subfield><subfield code="b">New York</subfield><subfield code="c">Albany</subfield><subfield code="d">Albany.</subfield></datafield><datafield ind1="1" ind2=" " tag="775"><subfield code="t">Campaign statesman (Albany, N.Y.)</subfield></datafield><datafield ind1="1" ind2=" " tag="775"><subfield code="t">Albany statesman</subfield><subfield code="w">(DLC)sn 85036096</subfield><subfield code="w">(OCoLC)13919320</subfield></datafield><datafield ind1="0" ind2="0" tag="785"><subfield code="t">Republican statesman (Albany, N.Y. : Daily)</subfield><subfield code="w">(DLC)sn 86053028</subfield><subfield code="w">(OCoLC)13919320</subfield></datafield><datafield ind1=" " ind2=" " tag="938"><subfield code="a">Kirtas Technologies, Inc.</subfield><subfield code="b">KRTS</subfield><subfield code="n">737034</subfield></datafield></record>